@book{schell,
	title = {{The Art of Game Design: A Book of Lenses}},
	author = "Jesse Schell",
	publisher = "Morgen Kaufmann Publishers",
	year = "2008"}
@manual{h3dmanual,
	title = {{Horde3D Documentation}},
	author = "Horde3D Development Community",
	year = "2009",
	note ="enthalten im Horde3D 1.0.0 Beta 3 SDK"}
@book{stroustrup,
	title = {{Die \C++ Programmiersprache}},
	author = "Bjarne Stroustrup",
	publisher = "Addison-Wesley",
	year = "2000",
	note ="4. Auflage"}
@book{gangOfFour,
	title = {{Design Patterns - Elements of Reusable Object-Oriented Software}},
	author = "Erich Gamma and Richard Helm and Ralph Johnson and John Vlissides",
	publisher = "Addison-Wesley",
	year = "2005",
	note ="32. Auflage"}
@book{astle,
	title = {{More OpenGL Game Programming}},
	author = "Dave Astle",
	publisher = "Thomson Course Technology PTR",
	year = "2006"}
@book{wcf,
	title = {{Programming WCF Services}},
	author = "Juval Löwy",
	publisher = "O'Reilly Media Inc.",
	year = "2007"}
@book{linq,
	title = {{LINQ in Action}},
	author = "Fabrice Marguerie and Steve Eichert and Jim Wooley",
	publisher = "Manning Publications",
	year = "2008"}
@book{cpp,
	title = {{Modern C++ Design - Generic Programming and Design Patterns Applied}},
	author = "Andrei Alexandrescu",
	publisher = "Addison-Wesley",
	year = "2006",
	note ="14. Auflage"}
@book{sharpdevelop,
	title = {{Dissecting a \Csharp Application - Inside SharpDevelop}},
	author = "Christian Holm and Mike Krüger and Bernhard Spuida",
	publisher = "Apress",
	year = "2003"}
@manual{braidpostmortem,
	title = {{Joystiq interview: Blow unravels Braid in postmortem}},
	author = "Justin McElroy",
	year = "2008",
	note ="\url{http://www.joystiq.com/2008/09/25/joystiq-interview-blow-unravels-braid-in-post-mortem}, abgerufen am 25.04.2009"}
@manual{braidblog,
	title = {{Braid is the highest-rated XBLA game ever. (Also, sales data)}},
	author = "Jonathan Blow",
	year = "2008",
	note ="\url{http://braid-game.com/news/?p=303}, abgerufen am 25.04.2009"}
@manual{gameheadache,
	title = {{Cost headache for game developers}},
	author = "By Yo Takatsuki",
	year = "2007",
	note ="\url{http://news.bbc.co.uk/1/hi/business/7151961.stm}, abgerufen am 25.04.2009"}
@manual{braidwiki,
	title = {{Braid (video game)}},
	author = "Wikipedia",
	year = "2009",
	note ="\url{http://en.wikipedia.org/wiki/Braid_(video_game)}, abgerufen am 25.04.2009"}
@manual{h3dscenewiki,
	title = {{Horde3D Scene Editor}},
	author = "Horde3D Wiki",
	year = "2009",
	note ="\url{http://www.horde3d.org/wiki/index.php5?title=Horde3D_Scene_Editor}, abgerufen am 29.04.2009"}
@manual{perfhud,
	title = {{NVIDIA PerfHUD 6 User Guide}},
	author = "NVIDIA Corporation",
	year = "2008",
	note ="\url{http://developer.download.nvidia.com/tools/NVPerfKit/6.5/PerfHUD6-UserGuide.pdf}, abgerufen am 01.05.2009"}
@manual{mvpconfusion,
	title = {{Model-View-Presenter: Variations on the Basic Pattern (Introduction to CAB/SCSF Part 24)}},
	author = "Rich Newman",
	year = "2008",
	note ="\url{http://richnewman.wordpress.com/2008/02/26/model-view-presenter-variations-on-the-basic-pattern-introduction-to-cabscsf-part-24}, abgerufen am 09.05.2009"}
@manual{fowler,
	title = {{Supervising Controller}},
	author = "Martin Fowler",
	year = "2006",
	note ="\url{http://martinfowler.com/eaaDev/SupervisingPresenter.html}, abgerufen am 09.05.2009"}
@manual{grasp,
	title = {{GRASP (Object Oriented Design)}},
	author = "Wikipedia",
	year = "2009",
	note ="\url{http://en.wikipedia.org/wiki/GRASP_(Object_Oriented_Design)}, abgerufen am 10.05.2009"}
@manual{fields,
	title = {{Field Usage Guidelines}},
	author = "Microsoft Corporation",
	year = "2009",
	note ="\url{http://msdn.microsoft.com/en-us/library/ta31s3bc(VS.71).aspx}, abgerufen am 12.05.2009"}
@manual{dotnet,
	title = {{.NET Framework}},
	author = "Wikipedia",
	year = "2009",
	note ="\url{http://en.wikipedia.org/wiki/.NET_Framework}, abgerufen am 15.05.2009"}
@manual{winforms,
	title = {{Windows Forms}},
	author = "Wikipedia",
	year = "2009",
	note ="\url{http://en.wikipedia.org/wiki/Windows_Forms}, abgerufen am 15.05.2009"}
@manual{dxsdk,
	title = {{DirectX Software Development Kit (March 2009)}},
	author = "Microsoft Corporation",
	year = "2009",
	note ="\url{http://www.microsoft.com/downloads/details.aspx?FamilyID=24a541d6-0486-4453-8641-1eee9e21b282}"}
@manual{openglspec,
	title = {{OpenGL 3.1 Specification}},
	author = "The Khronos Group Inc",
	year = "2009",
	note ="\url{http://www.opengl.org/registry/doc/glspec31.20090324.pdf}"}
@manual{detours,
	title = {{Detours: Binary Interception of Win32 Functions}},
	author = "Galen Hunt and Doug Brubacher",
	year = "1999",
	note ="\url{http://research.microsoft.com/apps/pubs/default.aspx?id=68568}"}
	